<?xml version="1.0" encoding="UTF-8"?><collection xmlns="http://www.loc.gov/MARC21/slim"><record><leader>00413nam--2200133-i-4500</leader><controlfield tag="001">000016280</controlfield><controlfield tag="002">20161230</controlfield><controlfield tag="005">20161230201031</controlfield><controlfield tag="008">060222s1000------------r-----000-0-eng-d</controlfield><datafield ind1=" " ind2=" " tag="080"><subfield code="a">530.12(043)</subfield></datafield><datafield ind1=" " ind2=" " tag="100"><subfield code="a">Casanova, Gaston</subfield></datafield><datafield ind1=" " ind2=" " tag="245"><subfield code="a">Invariance et determination du reel physique e n relativite restreinte et en theorie de dirac hestenes. these</subfield></datafield><datafield ind1=" " ind2=" " tag="260"><subfield code="a">Paris, Faculte Des Science, 1971. 97 P</subfield></datafield><datafield ind1=" " ind2=" " tag="852"><subfield code="a">78044</subfield></datafield></record></collection>